@article{bengio2003neural,
  title={A neural probabilistic language model},
  author={Bengio, Yoshua and Ducharme, R{\'e}jean and Vincent, Pascal and Jauvin, Christian},
  journal={Journal of machine learning research},
  volume={3},
  number={Feb},
  pages={1137--1155},
  year={2003}
}

@inproceedings{collobert2008unified,
  title={A unified architecture for natural language processing: Deep neural networks with multitask learning},
  author={Collobert, Ronan and Weston, Jason},
  booktitle={Proceedings of the 25th international conference on Machine learning},
  pages={160--167},
  year={2008},
  organization={ACM}
}

@article{collobert2011natural,
  title={Natural language processing (almost) from scratch},
  author={Collobert, Ronan and Weston, Jason and Bottou, L{\'e}on and Karlen, Michael and Kavukcuoglu, Koray and Kuksa, Pavel},
  journal={Journal of machine learning research},
  volume={12},
  number={Aug},
  pages={2493--2537},
  year={2011}
}

@article{mikolov2013efficient,
  title={Efficient estimation of word representations in vector space},
  author={Mikolov, Tomas and Chen, Kai and Corrado, Greg and Dean, Jeffrey},
  journal={arXiv preprint arXiv:1301.3781},
  year={2013}
}

@article{spearman1904proof,
    title     = {The proof and measurement of association between two things},
    author    = {Spearman, Charles},
    journal   = {The American journal of psychology},
    volume    = {15},
    number    = {1},
    pages     = {72--101},
    year      = {1904},
    publisher = {JSTOR}
}

@article{miller1991contextual,
    title     = {Contextual correlates of semantic similarity},
    author    = {Miller, George A and Charles, Walter G},
    journal   = {Language and cognitive processes},
    volume    = {6},
    number    = {1},
    pages     = {1--28},
    year      = {1991},
    publisher = {Taylor \& Francis}
}

@article{bruni2014multimodal,
    title     = {Multimodal Distributional Semantics.},
    author    = {Bruni, Elia and Tran, Nam-Khanh and Baroni, Marco},
    journal   = {J. Artif. Intell. Res.(JAIR)},
    volume    = {49},
    number    = {1-47},
    year      = {2014}
}

@inproceedings{radinsky2011word,
    title     = {A word at a time: computing word relatedness using temporal semantic analysis},
    author    = {Radinsky, Kira and Agichtein, Eugene and Gabrilovich, Evgeniy and Markovitch, Shaul},
    booktitle = {Proceedings of the 20th international conference on World wide web},
    pages     = {337--346},
    year      = {2011},
    organization = {ACM}
}

@inproceedings{halawi2012large,
    title     = {Large-scale learning of word relatedness with constraints},
    author    = {Halawi, Guy and Dror, Gideon and Gabrilovich, Evgeniy and Koren, Yehuda},
    booktitle = {Proceedings of the 18th ACM SIGKDD international conference on Knowledge discovery and data mining},
    pages     = {1406--1414},
    year      = {2012},
    organization = {ACM}
}

@article{rubenstein1965contextual,
    title     = {Contextual correlates of synonymy},
    author    = {Rubenstein, Herbert and Goodenough, John B},
    journal   = {Communications of the ACM},
    volume    = {8},
    number    = {10},
    pages     = {627--633},
    year      = {1965},
    publisher = {ACM}
}

@inproceedings{luong2013better,
    title     = {Better Word Representations with Recursive Neural Networks for Morphology.},
    author    = {Luong, Minh-Thang and Socher, Richard and Manning, Christopher D.},
    booktitle = {CoNLL},
    pages     = {104--113},
    year      = {2013}
}

@article{gerz2016simverb,
    title     = {SimVerb-3500: A Large-Scale Evaluation Set of Verb Similarity},
    author    = {Gerz, Daniela and Vuli{\'c}, Ivan and Hill, Felix and Reichart, Roi and Korhonen, Anna},
    journal   = {arXiv preprint arXiv:1608.00869},
    year      = {2016}
}

@inproceedings{finkelstein2001placing,
    title     = {Placing search in context: The concept revisited},
    author    = {Finkelstein, Lev and Gabrilovich, Evgeniy and Matias, Yossi and Rivlin, Ehud and Solan, Zach and Wolfman, Gadi and Ruppin, Eytan},
    booktitle = {Proceedings of the 10th international conference on World Wide Web},
    pages     = {406--414},
    year      = {2001},
    organization = {ACM}
}

@book{yang2006verb,
    title     = {Verb similarity on the taxonomy of WordNet},
    author    = {Yang, Dongqiang and Powers, David MW},
    year      = {2006},
    publisher = {Masaryk University}
}

@inproceedings{iacobacci2016embeddings,
    title     = {Embeddings for word sense disambiguation: An evaluation study},
    author    = {Iacobacci, Ignacio and Pilehvar, Mohammad Taher and Navigli, Roberto},
    booktitle = {Proceedings of the 54th Annual Meeting of the Association for Computational Linguistics},
    volume    = {1},
    pages     = {897--907},
    year      = {2016}
}

@article{joulin2016bag,
    title     = {Bag of Tricks for Efficient Text Classification},
    author    = {Joulin, Armand and Grave, Edouard and Bojanowski, Piotr and Mikolov, Tomas},
    journal   = {arXiv preprint arXiv:1607.01759},
    year      = {2016}
}

@article{auer2007dbpedia,
    title     = {Dbpedia: A nucleus for a web of open data},
    author    = {Auer, S{\"o}ren and Bizer, Christian and Kobilarov, Georgi and Lehmann, Jens and Cyganiak, Richard and Ives, Zachary},
    journal   = {The semantic web},
    pages     = {722--735},
    year      = {2007},
    publisher = {Springer}
}

@inproceedings{pennington2014glove,
    title     = {Glove: Global Vectors for Word Representation.},
    author    = {Pennington, Jeffrey and Socher, Richard and Manning, Christopher D},
    booktitle = {EMNLP},
    volume    = {14},
    pages     = {1532--43},
    year      = {2014}
}


@InProceedings{faruqui2015retrofitting,
    author    = {Faruqui, Manaal  and  Dodge, Jesse  and  Jauhar, Sujay Kumar  and  Dyer, Chris  and  Hovy, Eduard  and  Smith, Noah A.},
    title     = {Retrofitting Word Vectors to Semantic Lexicons},
    booktitle = {Proceedings of the 2015 Conference of the North American Chapter of the Association for Computational Linguistics: Human Language Technologies},
    OPTmonth  = {May--June},
    year      = {2015},
    OPTaddress= {Denver, Colorado},
    publisher = {Association for Computational Linguistics},
    pages     = {1606--1615},
    OPTurl    = {http://www.aclweb.org/anthology/N15-1184}
}

@article{miller1995wordnet,
    title     = {WordNet: a lexical database for English},
    author    = {Miller, George A},
    journal   = {Communications of the ACM},
    volume    = {38},
    number    = {11},
    pages     = {39--41},
    year      = {1995},
    publisher = {ACM}
}

@book{firth1961papers,
    title     = {Papers in Linguistics 1934-1951: Repr},
    author    = {Firth, John Rupert},
    publisher = {Oxford University Press},
    year      = {1957}
}

@inproceedings{kiela2015specializing,
    title     = {Specializing word embeddings for similarity or relatedness},
    author    = {Kiela, Douwe and Hill, Felix and Clark, Stephen},
    booktitle = {Proceedings of EMNLP},
    year      = {2015}
}

@inproceedings{xu2014rc,
    title     = {Rc-net: A general framework for incorporating knowledge into word representations},
    author    = {Xu, Chang and Bai, Yalong and Bian, Jiang and Gao, Bin and Wang, Gang and Liu, Xiaoguang and Liu, Tie-Yan},
    booktitle = {Proceedings of the 23rd ACM International Conference on Conference on Information and Knowledge Management},
    pages     = {1219--1228},
    year      = {2014},
    organization = {ACM}
}

@InProceedings{faruqui2015sparse,
  author={Faruqui, Manaal and Tsvetkov, Yulia and Yogatama, Dani and Dyer, Chris and Smith, Noah},
  title={Sparse Overcomplete Word Vector Representations},
  booktitle={Proceedings of the 53rd Annual Meeting of the Association for
    Computational Linguistics and the 7th International Joint Conference on
    Natural Language Processing (Volume 1: Long Papers)},
  year={2015},
  publisher={Association for Computational Linguistics},
  pages={1491--1500},
  address={Beijing, China},
  url={http://www.aclweb.org/anthology/P15-1144}
}

@InProceedings{conneau2016very,
  author    = {Conneau, Alexis  and  Schwenk, Holger  and  Barrault, Lo\"{i}c  and  Lecun, Yann},
  title     = {Very Deep Convolutional Networks for Text Classification},
  booktitle = {Proceedings of the 15th Conference of the European Chapter of the Association for Computational Linguistics: Volume 1, Long Papers},
  month     = {April},
  year      = {2017},
  address   = {Valencia, Spain},
  publisher = {Association for Computational Linguistics},
  pages     = {1107--1116},
  url       = {http://www.aclweb.org/anthology/E17-1104}
}

@inproceedings{socher2013recursive,
  title={Recursive deep models for semantic compositionality over a sentiment treebank},
  author={Socher, Richard and Perelygin, Alex and Wu, Jean and Chuang, Jason and Manning, Christopher D and Ng, Andrew and Potts, Christopher},
  booktitle={Proceedings of the 2013 conference on empirical methods in natural language processing},
  pages={1631--1642},
  year={2013}
}

@InProceedings{qian2016linguistically,
  author    = {Qian, Qiao  and  Huang, Minlie  and  Lei, Jinhao  and  Zhu, Xiaoyan},
  title     = {Linguistically Regularized LSTM for Sentiment Classification},
  booktitle = {Proceedings of the 55th Annual Meeting of the Association for Computational Linguistics (Volume 1: Long Papers)},
  month     = {July},
  year      = {2017},
  address   = {Vancouver, Canada},
  publisher = {Association for Computational Linguistics},
  pages     = {1679--1689},
  url       = {http://aclweb.org/anthology/P17-1154}
}

@inproceedings{mikolov2013distributed,
  title     = {Distributed representations of words and phrases and their compositionality},
  author    = {Mikolov, Tomas and Sutskever, Ilya and Chen, Kai and Corrado, Greg S and Dean, Jeff},
  booktitle = {Advances in neural information processing systems},
  pages     = {3111--3119},
  year      = {2013}
}

@inproceedings{hubara2016binarized,
  title={Binarized neural networks},
  author={Hubara, Itay and Courbariaux, Matthieu and Soudry, Daniel and El-Yaniv, Ran and Bengio, Yoshua},
  booktitle={Advances in neural information processing systems},
  pages={4107--4115},
  year={2016}
}

@inproceedings{norouzi2012fast,
  title={Fast search in hamming space with multi-index hashing},
  author={Norouzi, Mohammad and Punjani, Ali and Fleet, David J},
  booktitle={Computer Vision and Pattern Recognition (CVPR), 2012 IEEE Conference on},
  pages={3108--3115},
  year={2012},
  organization={IEEE}
}

@inproceedings{subercaze2015metric,
  title={On metric embedding for boosting semantic similarity computations},
  author={Subercaze, Julien and Gravier, Christophe and Laforest, Frederique},
  booktitle={Association of Computational Linguistics},
  year={2015}
}

@inproceedings{raunak2019effective,
    title = "Effective Dimensionality Reduction for Word Embeddings",
    author = "Raunak, Vikas  and
      Gupta, Vivek  and
      Metze, Florian",
    booktitle = "Proceedings of the 4th Workshop on Representation Learning for NLP (RepL4NLP-2019)",
    month = aug,
    year = "2019",
    address = "Florence, Italy",
    publisher = "Association for Computational Linguistics",
    url = "https://www.aclweb.org/anthology/W19-4328",
    doi = "10.18653/v1/W19-4328",
    pages = "235--243",
}

@InProceedings{ling2016word,
  author = 	 {Shaoshi Ling and Yangqiu Song and Dan Roth},
  title = 	 {Word Embeddings with Limited Memory},
  booktitle = {Association of Computational Linguistics},
  year = 	 {2016},
}

@inproceedings{shu2018compressing,
  title={Compressing Word Embeddings via Deep Compositional Code Learning},
  author={Raphael Shu and Hideki Nakayama},
  booktitle={International Conference on Learning Representations},
  year={2018},
  url={https://openreview.net/forum?id=BJRZzFlRb},
}

@InProceedings{chen2018kway,
  title =   {Learning K-way D-dimensional Discrete Codes for Compact Embedding Representations},
  author =   {Chen, Ting and Min, Martin Renqiang and Sun, Yizhou},
  booktitle =   {Proceedings of the 35th International Conference on Machine Learning},
  pages =   {854--863},
  year =   {2018},
  editor =   {Dy, Jennifer and Krause, Andreas},
  volume =   {80},
  series =   {Proceedings of Machine Learning Research},
  address =   {Stockholmsmässan, Stockholm Sweden},
  month =   {10--15 Jul},
  publisher =   {PMLR},
  pdf =   {http://proceedings.mlr.press/v80/chen18g/chen18g.pdf},
  url =   {http://proceedings.mlr.press/v80/chen18g.html},
}

@InProceedings{shen2018NASH,
  author =  "Shen, Dinghan
  and Su, Qinliang
  and Chapfuwa, Paidamoyo
  and Wang, Wenlin
  and Wang, Guoyin
  and Henao, Ricardo
  and Carin, Lawrence",
  title =  "NASH: Toward End-to-End Neural Architecture for Generative Semantic Hashing",
  booktitle =  "Proceedings of the 56th Annual Meeting of the Association for Computational Linguistics (Volume 1: Long Papers)",
  year =  "2018",
  publisher =  "Association for Computational Linguistics",
  pages =  "2041--2050",
  location =  "Melbourne, Australia",
  url =  "http://aclweb.org/anthology/P18-1190"
}

@inproceedings{charikar2002similarity,
  title={Similarity estimation techniques from rounding algorithms},
  author={Charikar, Moses S},
  booktitle={Proceedings of the thiry-fourth annual ACM symposium on Theory of computing},
  pages={380--388},
  year={2002},
  organization={ACM}
}

@inproceedings{Xu2015convolutional,
  author    = {Jiaming Xu and
               Peng Wang and
               Guanhua Tian and
               Bo Xu and
               Jun Zhao and
               Fangyuan Wang and
               Hongwei Hao},
  title     = {Convolutional Neural Networks for Text Hashing},
  booktitle = {IJCAI},
  pages     = {1369--1375},
  year      = {2015},
}

@article{joulin2016fasttext,
  title={FastText. zip: Compressing text classification models},
  author={Joulin, Armand and Grave, Edouard and Bojanowski, Piotr and Douze, Matthijs and J{\'e}gou, Herv{\'e} and Mikolov, Tomas},
  journal={arXiv preprint arXiv:1612.03651},
  year={2016}
}

@InProceedings{ma2016sequence,
  author =  "Ma, Xuezhe
  and Hovy, Eduard",
  title =  "End-to-end Sequence Labeling via Bi-directional LSTM-CNNs-CRF",
  booktitle =  "Proceedings of the 54th Annual Meeting of the Association for      Computational Linguistics (Volume 1: Long Papers)    ",
  year =  "2016",
  publisher =  "Association for Computational Linguistics",
  pages =  "1064--1074",
  location =  "Berlin, Germany",
  doi =  "10.18653/v1/P16-1101",
  url =  "http://www.aclweb.org/anthology/P16-1101"
}

@inproceedings{tissier2017dict2vec,
  title={Dict2vec: Learning Word Embeddings using Lexical Dictionaries},
  author={Tissier, Julien and Gravier, Christophe and Habrard, Amaury},
  booktitle={Conference on Empirical Methods in Natural Language Processing (EMNLP 2017)},
  pages={254--263},
  year={2017}
}

@inproceedings{tissier2019near,
   author    = {Tissier, Julien and Gravier, Christophe and Habrard, Amaury},
   title     = {Near-Lossless Binarization of Word Embeddings},
   booktitle = {Proceedings of the Thirty-Third {AAAI} Conference on
                Artificial Intelligence, Honolulu, Hawaii, USA,
                January 27 - February 1, 2019.},
   volume    = {33},
   pages     = {7104--7111},
   year      = {2019},
   url       = {https://aaai.org/ojs/index.php/AAAI/article/view/4692},
   doi       = {10.1609/aaai.v33i01.33017104}
 }

@article{bojanowski2016enriching,
  author={Bojanowski, Piotr and Grave, Edouard and Joulin, Armand and Mikolov, Tomas},
  title={Enriching Word Vectors with Subword Information},
  journal ={Transactions of the Association of Computational Linguistics},
  year={2017},
  volume={5},
  pages={135--146},
  url={http://aclweb.org/anthology/Q17-1010}
}

@article{sokal1958statistical,
  title={A statistical method for evaluating systematic relationship},
  author={Sokal, Robert R},
  journal={University of Kansas science bulletin},
  volume={28},
  pages={1409--1438},
  year={1958}
}

@article{hill2015simlex,
  title={Simlex-999: Evaluating semantic models with (genuine) similarity estimation},
  author={Hill, Felix and Reichart, Roi and Korhonen, Anna},
  journal={Computational Linguistics},
  volume={41},
  number={4},
  pages={665--695},
  year={2015},
  publisher={MIT Press}
}

@inproceedings{zhang2015character,
  title={Character-level convolutional networks for text classification},
  author={Zhang, Xiang and Zhao, Junbo and LeCun, Yann},
  booktitle={Advances in neural information processing systems},
  pages={649--657},
  year={2015}
}

@article{bahl1989tree,
  title={A tree-based statistical language model for natural language speech recognition},
  author={Bahl, Lalit R and Brown, Peter F and de Souza, Peter V and Mercer, Robert L},
  journal={IEEE Transactions on Acoustics, Speech, and Signal Processing},
  volume={37},
  number={7},
  pages={1001--1008},
  year={1989},
  publisher={IEEE}
}

@article{brown1990statistical,
  title={A statistical approach to machine translation},
  author={Brown, Peter F and Cocke, John and Della Pietra, Stephen A and Della Pietra, Vincent J and Jelinek, Frederik and Lafferty, John D and Mercer, Robert L and Roossin, Paul S},
  journal={Computational linguistics},
  volume={16},
  number={2},
  pages={79--85},
  year={1990}
}

@article{gutmann2012noise,
  title={Noise-contrastive estimation of unnormalized statistical models, with applications to natural image statistics},
  author={Gutmann, Michael U and Hyv{\"a}rinen, Aapo},
  journal={Journal of Machine Learning Research},
  volume={13},
  number={Feb},
  pages={307--361},
  year={2012}
}

@article{mnih2012fast,
  title={A fast and simple algorithm for training neural probabilistic language models},
  author={Mnih, Andriy and Teh, Yee Whye},
  journal={arXiv preprint arXiv:1206.6426},
  year={2012}
}

@article{arora2015random,
  title={Random walks on context spaces: Towards an explanation of the mysteries of semantic word embeddings},
  author={Arora, Sanjeev and Li, Yuanzhi and Liang, Yingyu and Ma, Tengyu and Risteski, Andrej},
  journal={arXiv preprint arXiv:1502.03520},
  pages={1--23},
  year={2015}
}

@inproceedings{yudredze2014improving,
    title = "Improving Lexical Embeddings with Semantic Knowledge",
    author = "Yu, Mo  and
      Dredze, Mark",
    booktitle = "Proceedings of the 52nd Annual Meeting of the Association for Computational Linguistics (Volume 2: Short Papers)",
    month = jun,
    year = "2014",
    address = "Baltimore, Maryland",
    publisher = "Association for Computational Linguistics",
    url = "https://www.aclweb.org/anthology/P14-2089",
    doi = "10.3115/v1/P14-2089",
    pages = "545--550",
}

@inproceedings{ganitkevitch2013ppdb,
  title={PPDB: The paraphrase database},
  author={Ganitkevitch, Juri and Van Durme, Benjamin and Callison-Burch, Chris},
  booktitle={Proceedings of the 2013 Conference of the North American Chapter of the Association for Computational Linguistics: Human Language Technologies},
  pages={758--764},
  year={2013}
}

@article{jo2018extrofitting,
  title={Extrofitting: Enriching Word Representation and its Vector Space with Semantic Lexicons},
  author={Jo, Hwiyeol and Choi, Stanley Jungkyu},
  journal={arXiv preprint arXiv:1804.07946},
  year={2018}
}

@inproceedings{peters2018elmo,
    title = "Deep Contextualized Word Representations",
    author = "Peters, Matthew  and
      Neumann, Mark  and
      Iyyer, Mohit  and
      Gardner, Matt  and
      Clark, Christopher  and
      Lee, Kenton  and
      Zettlemoyer, Luke",
    booktitle = "Proceedings of the 2018 Conference of the North {A}merican Chapter of the Association for Computational Linguistics: Human Language Technologies, Volume 1 (Long Papers)",
    month = jun,
    year = "2018",
    address = "New Orleans, Louisiana",
    publisher = "Association for Computational Linguistics",
    url = "https://www.aclweb.org/anthology/N18-1202",
    doi = "10.18653/v1/N18-1202",
    pages = "2227--2237",
}

@inproceedings{neelakantan2014efficient,
    title = "Efficient Non-parametric Estimation of Multiple Embeddings per Word in Vector Space",
    author = "Neelakantan, Arvind  and
      Shankar, Jeevan  and
      Passos, Alexandre  and
      McCallum, Andrew",
    booktitle = "Proceedings of the 2014 Conference on Empirical Methods in Natural Language Processing ({EMNLP})",
    month = oct,
    year = "2014",
    address = "Doha, Qatar",
    publisher = "Association for Computational Linguistics",
    url = "https://www.aclweb.org/anthology/D14-1113",
    doi = "10.3115/v1/D14-1113",
    pages = "1059--1069",
}

@inproceedings{iacobacci2015sensembed,
    title = "{S}ens{E}mbed: Learning Sense Embeddings for Word and Relational Similarity",
    author = "Iacobacci, Ignacio  and
      Pilehvar, Mohammad Taher  and
      Navigli, Roberto",
    booktitle = "Proceedings of the 53rd Annual Meeting of the Association for Computational Linguistics and the 7th International Joint Conference on Natural Language Processing (Volume 1: Long Papers)",
    month = jul,
    year = "2015",
    address = "Beijing, China",
    publisher = "Association for Computational Linguistics",
    url = "https://www.aclweb.org/anthology/P15-1010",
    doi = "10.3115/v1/P15-1010",
    pages = "95--105",
}

@inproceedings{devlin2019bert,
    title = "{BERT}: Pre-training of Deep Bidirectional Transformers for Language Understanding",
    author = "Devlin, Jacob  and
      Chang, Ming-Wei  and
      Lee, Kenton  and
      Toutanova, Kristina",
    booktitle = "Proceedings of the 2019 Conference of the North {A}merican Chapter of the Association for Computational Linguistics: Human Language Technologies, Volume 1 (Long and Short Papers)",
    month = jun,
    year = "2019",
    address = "Minneapolis, Minnesota",
    publisher = "Association for Computational Linguistics",
    url = "https://www.aclweb.org/anthology/N19-1423",
    doi = "10.18653/v1/N19-1423",
    pages = "4171--4186",
}

@inproceedings{pearson1901pca,
  title={On Lines and Planes of Closest Fit to Systems of Points in Space},
  author={Pearson, Karl},
  booktitle={Philosophical Magazine},
  volume={2},
  pages={559--572},
  year={1901}
}

@article{maaten2008visualizing,
  title={Visualizing data using t-SNE},
  author={Maaten, Laurens van der and Hinton, Geoffrey},
  journal={Journal of machine learning research},
  volume={9},
  number={Nov},
  pages={2579--2605},
  year={2008}
}

@inproceedings{lebret2014pca,
    title = "Word Embeddings through Hellinger {PCA}",
    author = "Lebret, R{\'e}mi  and
      Collobert, Ronan",
    booktitle = "Proceedings of the 14th Conference of the {E}uropean Chapter of the Association for Computational Linguistics",
    month = apr,
    year = "2014",
    address = "Gothenburg, Sweden",
    publisher = "Association for Computational Linguistics",
    url = "https://www.aclweb.org/anthology/E14-1051",
    doi = "10.3115/v1/E14-1051",
    pages = "482--490",
}

@inproceedings{mu2018all,
  title={All-but-the-top: Simple and effective post-processing for word representations},
  author={Mu, Jiaqi and Viswanath, Pramod},
  booktitle={6th International Conference on Learning Representations, ICLR 2018},
  year={2018}
}

@article{hinton2015distilling,
  title={Distilling the knowledge in a neural network},
  author={Hinton, Geoffrey and Vinyals, Oriol and Dean, Jeff},
  journal={arXiv preprint arXiv:1503.02531},
  year={2015}
}

@article{sanh2019distilbert,
  title={DistilBERT, a distilled version of BERT: smaller, faster, cheaper and lighter},
  author={Sanh, Victor and Debut, Lysandre and Chaumond, Julien and Wolf, Thomas},
  journal={arXiv preprint arXiv:1910.01108},
  year={2019}
}

@inproceedings{mou2016distilling,
  title={Distilling word embeddings: An encoding approach},
  author={Mou, Lili and Jia, Ran and Xu, Yan and Li, Ge and Zhang, Lu and Jin, Zhi},
  booktitle={Proceedings of the 25th ACM International on Conference on Information and Knowledge Management},
  pages={1977--1980},
  year={2016}
}

@incollection{zi2018dimensionality,
title = {On the Dimensionality of Word Embedding},
author = {Yin, Zi and Shen, Yuanyuan},
booktitle = {Advances in Neural Information Processing Systems 31},
editor = {S. Bengio and H. Wallach and H. Larochelle and K. Grauman and N. Cesa-Bianchi and R. Garnett},
pages = {887--898},
year = {2018},
publisher = {Curran Associates, Inc.},
url = {http://papers.nips.cc/paper/7368-on-the-dimensionality-of-word-embedding.pdf}
}

@article{johnson1984extensions,
  title={Extensions of Lipschitz mappings into a Hilbert space},
  author={Johnson, William B and Lindenstrauss, Joram},
  journal={Contemporary mathematics},
  volume={26},
  number={189-206},
  pages={1},
  year={1984}
}

@inproceedings{datar2004locality,
  title={Locality-sensitive hashing scheme based on p-stable distributions},
  author={Datar, Mayur and Immorlica, Nicole and Indyk, Piotr and Mirrokni, Vahab S},
  booktitle={Proceedings of the twentieth annual symposium on Computational geometry},
  pages={253--262},
  year={2004}
}

@inproceedings{andoni2006near,
  title={Near-optimal hashing algorithms for approximate nearest neighbor in high dimensions},
  author={Andoni, Alexandr and Indyk, Piotr},
  booktitle={2006 47th annual IEEE symposium on foundations of computer science (FOCS'06)},
  pages={459--468},
  year={2006},
  organization={IEEE}
}

@article{salakhutdinov2007semantic,
  title={Semantic hashing},
  author={Salakhutdinov, Ruslan and Hinton, Geoffrey},
  journal={RBM},
  volume={500},
  number={3},
  pages={500},
  year={2007}
}

@incollection{weiss2009spectral,
title = {Spectral Hashing},
author = {Weiss, Yair and Torralba, Antonio and Fergus, Rob},
booktitle = {Advances in Neural Information Processing Systems 21},
editor = {D. Koller and D. Schuurmans and Y. Bengio and L. Bottou},
pages = {1753--1760},
year = {2009},
publisher = {Curran Associates, Inc.},
url = {http://papers.nips.cc/paper/3383-spectral-hashing.pdf}
}

@inproceedings{seznec2018study,
  title={A Study on Convolution using Half-Precision Floating-Point Numbers on GPU for Radio Astronomy Deconvolution},
  author={Seznec, Micka{\"e}l and Gac, Nicolas and Ferrari, Andr{\'e} and Orieux, Fran{\c{c}}ois},
  booktitle={2018 IEEE International Workshop on Signal Processing Systems (SiPS)},
  pages={170--175},
  year={2018},
  organization={IEEE}
}

@inproceedings{micikevicius2018mixed,
title={Mixed Precision Training},
author={Paulius Micikevicius and Sharan Narang and Jonah Alben and Gregory Diamos and Erich Elsen and David Garcia and Boris Ginsburg and Michael Houston and Oleksii Kuchaiev and Ganesh Venkatesh and Hao Wu},
booktitle={International Conference on Learning Representations},
year={2018},
url={https://openreview.net/forum?id=r1gs9JgRZ},
}

@article{jegou2010product,
  title={Product quantization for nearest neighbor search},
  author={Jegou, Herve and Douze, Matthijs and Schmid, Cordelia},
  journal={IEEE transactions on pattern analysis and machine intelligence},
  volume={33},
  number={1},
  pages={117--128},
  year={2010},
  publisher={IEEE}
}

@inproceedings{ge2013optimized,
  title={Optimized product quantization for approximate nearest neighbor search},
  author={Ge, Tiezheng and He, Kaiming and Ke, Qifa and Sun, Jian},
  booktitle={Proceedings of the IEEE Conference on Computer Vision and Pattern Recognition},
  pages={2946--2953},
  year={2013}
}

@article{liu2019roberta,
  title={Roberta: A robustly optimized bert pretraining approach},
  author={Liu, Yinhan and Ott, Myle and Goyal, Naman and Du, Jingfei and Joshi, Mandar and Chen, Danqi and Levy, Omer and Lewis, Mike and Zettlemoyer, Luke and Stoyanov, Veselin},
  journal={arXiv preprint arXiv:1907.11692},
  year={2019}
}

@inproceedings{ramos2003using,
  title={Using tf-idf to determine word relevance in document queries},
  author={Ramos, Juan and others},
  booktitle={Proceedings of the first instructional conference on machine learning},
  volume={242},
  pages={133--142},
  year={2003},
  organization={Piscataway, NJ}
}

@article{zhang2011comparative,
  title={A comparative study of TF* IDF, LSI and multi-words for text classification},
  author={Zhang, Wen and Yoshida, Taketoshi and Tang, Xijin},
  journal={Expert Systems with Applications},
  volume={38},
  number={3},
  pages={2758--2765},
  year={2011},
  publisher={Elsevier}
}

@article{bekkerman2003distributional,
  title={Distributional word clusters vs. words for text categorization},
  author={Bekkerman, Ron and El-Yaniv, Ran and Tishby, Naftali and Winter, Yoad},
  journal={Journal of Machine Learning Research},
  volume={3},
  number={Mar},
  pages={1183--1208},
  year={2003}
}

@article{cavnar1995using,
  title={Using an n-gram-based document representation with a vector processing retrieval model},
  author={Cavnar, W},
  journal={NIST SPECIAL PUBLICATION SP},
  pages={269--269},
  year={1995},
  publisher={NATIONAL INSTIUTE OF STANDARDS \& TECHNOLOGY}
}

@inproceedings{kim2016intent,
  title={Intent detection using semantically enriched word embeddings},
  author={Kim, Joo-Kyung and Tur, Gokhan and Celikyilmaz, Asli and Cao, Bin and Wang, Ye-Yi},
  booktitle={2016 IEEE Spoken Language Technology Workshop (SLT)},
  pages={414--419},
  year={2016},
  organization={IEEE}
}

@inproceedings{chiu2016intrinsic,
  title={Intrinsic evaluation of word vectors fails to predict extrinsic performance},
  author={Chiu, Billy and Korhonen, Anna and Pyysalo, Sampo},
  booktitle={Proceedings of the 1st workshop on evaluating vector-space representations for NLP},
  pages={1--6},
  year={2016}
}

@inproceedings{turian2010word,
  title={Word representations: a simple and general method for semi-supervised learning},
  author={Turian, Joseph and Ratinov, Lev and Bengio, Yoshua},
  booktitle={Proceedings of the 48th annual meeting of the association for computational linguistics},
  pages={384--394},
  year={2010},
  organization={Association for Computational Linguistics}
}

@inproceedings{bordes2014open,
  title={Open question answering with weakly supervised embedding models},
  author={Bordes, Antoine and Weston, Jason and Usunier, Nicolas},
  booktitle={Joint European conference on machine learning and knowledge discovery in databases},
  pages={165--180},
  year={2014},
  organization={Springer}
}

@inproceedings{lample2018word,
title={Word translation without parallel data},
author={Guillaume Lample and Alexis Conneau and Marc'Aurelio Ranzato and Ludovic Denoyer and Hervé Jégou},
booktitle={International Conference on Learning Representations},
year={2018},
url={https://openreview.net/forum?id=H196sainb},
}

@inproceedings{zou2013bilingual,
  title={Bilingual word embeddings for phrase-based machine translation},
  author={Zou, Will Y and Socher, Richard and Cer, Daniel and Manning, Christopher D},
  booktitle={Proceedings of the 2013 Conference on Empirical Methods in Natural Language Processing},
  pages={1393--1398},
  year={2013}
}

@inproceedings{wang2018glue,
title={{GLUE}: A Multi-Task Benchmark and Analysis Platform for Natural Language Understanding},
author={Alex Wang and Amanpreet Singh and Julian Michael and Felix Hill and Omer Levy and Samuel R. Bowman},
booktitle={International Conference on Learning Representations},
year={2019},
url={https://openreview.net/forum?id=rJ4km2R5t7},
}

@incollection{wang2019superglue,
title = {SuperGLUE: A Stickier Benchmark for General-Purpose Language Understanding Systems},
author = {Wang, Alex and Singh, Amanpreet and Pruksachatkun, Yada and Nangia, Nikita and Michael, Julian and Hill, Felix and Levy, Omer and Bowman, Samuel},
booktitle = {Advances in Neural Information Processing Systems 32},
editor = {H. Wallach and H. Larochelle and A. Beygelzimer and F. d\textquotesingle Alch\'{e}-Buc and E. Fox and R. Garnett},
pages = {3266--3280},
year = {2019},
publisher = {Curran Associates, Inc.},
}

@article{colin2019t5,
  author = {Colin Raffel and Noam Shazeer and Adam Roberts and Katherine Lee and Sharan Narang and Michael Matena and Yanqi Zhou and Wei Li and Peter J. Liu},
  title = {Exploring the Limits of Transfer Learning with a Unified Text-to-Text Transformer},
  journal = {arXiv e-prints},
  year = {2019},
  archivePrefix = {arXiv},
  eprint = {1910.10683},
}

@inproceedings{wang2020StructBERT,
title={StructBERT: Incorporating Language Structures into Pre-training for Deep Language Understanding},
author={Wei Wang and Bin Bi and Ming Yan and Chen Wu and Jiangnan Xia and Zuyi Bao and Liwei Peng and Luo Si},
booktitle={International Conference on Learning Representations},
year={2020},
url={https://openreview.net/forum?id=BJgQ4lSFPH}
}

@incollection{lang1995newsweeder,
  title={Newsweeder: Learning to filter netnews},
  author={Lang, Ken},
  booktitle={Machine Learning Proceedings 1995},
  pages={331--339},
  year={1995},
  publisher={Elsevier}
}

@inproceedings{joachims1997probabilistic,
  title={A Probabilistic Analysis of the Rocchio Algorithm with TFIDF for Text Categorization},
  author={Joachims, Thorsten},
  booktitle={Proceedings of the Fourteenth International Conference on Machine Learning},
  pages={143--151},
  year={1997}
}

@article{osgood1964semantic,
  title={Semantic differential technique in the comparative study of cultures},
  author={Osgood, Charles E},
  journal={American Anthropologist},
  volume={66},
  number={3},
  pages={171--200},
  year={1964},
  publisher={JSTOR}
}

@article{bierwisch1970classifying,
  title={On classifying semantic features},
  author={Bierwisch, M},
  journal={Bierwisch and Heidolph},
  pages={27--50},
  year={1970}
}

@article{silver2016mastering,
  title={Mastering the game of Go with deep neural networks and tree search},
  author={Silver, David and Huang, Aja and Maddison, Chris J and Guez, Arthur and Sifre, Laurent and Van Den Driessche, George and Schrittwieser, Julian and Antonoglou, Ioannis and Panneershelvam, Veda and Lanctot, Marc and others},
  journal={nature},
  volume={529},
  number={7587},
  pages={484},
  year={2016},
  publisher={Nature Publishing Group}
}
@inproceedings{taigman2014deepface,
  title={Deepface: Closing the gap to human-level performance in face verification},
  author={Taigman, Yaniv and Yang, Ming and Ranzato, Marc'Aurelio and Wolf, Lior},
  booktitle={Proceedings of the IEEE conference on computer vision and pattern recognition},
  pages={1701--1708},
  year={2014}
}

@article{ayodele2010types,
  title={Types of machine learning algorithms},
  author={Ayodele, Taiwo Oladipupo},
  journal={New advances in machine learning},
  pages={19--48},
  year={2010},
  publisher={InTech}
}

@inproceedings{kurata2016improved,
  title={Improved neural network-based multi-label classification with better initialization leveraging label co-occurrence},
  author={Kurata, Gakuto and Xiang, Bing and Zhou, Bowen},
  booktitle={Proceedings of the 2016 Conference of the North American Chapter of the Association for Computational Linguistics: Human Language Technologies},
  pages={521--526},
  year={2016}
}

@inproceedings{nam2014large,
  title={Large-scale multi-label text classification—revisiting neural networks},
  author={Nam, Jinseok and Kim, Jungi and Menc{\'\i}a, Eneldo Loza and Gurevych, Iryna and F{\"u}rnkranz, Johannes},
  booktitle={Joint european conference on machine learning and knowledge discovery in databases},
  pages={437--452},
  year={2014},
  organization={Springer}
}

@inproceedings{jacob2009clustered,
  title={Clustered multi-task learning: A convex formulation},
  author={Jacob, Laurent and Vert, Jean-philippe and Bach, Francis R},
  booktitle={Advances in neural information processing systems},
  pages={745--752},
  year={2009}
}

@article{lodhi2002boosting,
  title={Boosting strategy for classification},
  author={Lodhi, Huma and Karakoulas, Grigoris and Shawe-Taylor, John},
  journal={Intelligent Data Analysis},
  volume={6},
  number={2},
  pages={149--174},
  year={2002},
  publisher={IOS Press}
}

@article{schmidt2005least,
  title={Least squares optimization with L1-norm regularization},
  author={Schmidt, Mark},
  journal={CS542B Project Report},
  volume={504},
  pages={195--221},
  year={2005},
  publisher={University of British Columbia}
}

@article{cortes2012l2,
  title={L2 regularization for learning kernels},
  author={Cortes, Corinna and Mohri, Mehryar and Rostamizadeh, Afshin},
  journal={arXiv preprint arXiv:1205.2653},
  year={2012}
}

@book{manning2008introduction,
  title={Introduction to information retrieval},
  author={Manning, Christopher D and Raghavan, Prabhakar and Sch{\"u}tze, Hinrich},
  year={2008},
  publisher={Cambridge university press}
}

@inproceedings{hunsicker2012machine,
  title={Machine learning for hybrid machine translation},
  author={Hunsicker, Sabine and Yu, Chen and Federmann, Christian},
  booktitle={Proceedings of the seventh workshop on statistical machine translation},
  pages={312--316},
  year={2012},
  organization={Association for Computational Linguistics}
}

@article{yin2015neural,
  title={Neural generative question answering},
  author={Yin, Jun and Jiang, Xin and Lu, Zhengdong and Shang, Lifeng and Li, Hang and Li, Xiaoming},
  journal={arXiv preprint arXiv:1512.01337},
  year={2015}
}

@article{rosenblatt1958perceptron,
  title={The perceptron: a probabilistic model for information storage and organization in the brain.},
  author={Rosenblatt, Frank},
  journal={Psychological review},
  volume={65},
  number={6},
  pages={386},
  year={1958},
  publisher={American Psychological Association}
}

@article{rumelhart1986learning,
  title={Learning representations by back-propagating errors},
  author={Rumelhart, David E and Hinton, Geoffrey E and Williams, Ronald J},
  journal={nature},
  volume={323},
  number={6088},
  pages={533--536},
  year={1986},
  publisher={Nature Publishing Group}
}

@article{reilly1982neural,
  title={A neural model for category learning},
  author={Reilly, Douglas L and Cooper, Leon N and Elbaum, Charles},
  journal={Biological cybernetics},
  volume={45},
  number={1},
  pages={35--41},
  year={1982},
  publisher={Springer}
}

@inproceedings{krizhevsky2012imagenet,
  title={Imagenet classification with deep convolutional neural networks},
  author={Krizhevsky, Alex and Sutskever, Ilya and Hinton, Geoffrey E},
  booktitle={Advances in neural information processing systems},
  pages={1097--1105},
  year={2012}
}

@inproceedings{parkhi2015deep,
    title={Deep Face Recognition},
    author={Omkar M. Parkhi and Andrea Vedaldi and Andrew Zisserman},
    year={2015},
    month={September},
    pages={41.1-41.12},
    articleno={41},
    numpages={12},
    booktitle={Proceedings of the British Machine Vision Conference (BMVC)},
    publisher={BMVA Press},
    doi={10.5244/C.29.41},
    isbn={1-901725-53-7},
    url={https://dx.doi.org/10.5244/C.29.41}
}

@inproceedings{baker1998berkeley,
  title={The berkeley framenet project},
  author={Baker, Collin F and Fillmore, Charles J and Lowe, John B},
  booktitle={Proceedings of the 17th international conference on Computational linguistics-Volume 1},
  pages={86--90},
  year={1998},
  organization={Association for Computational Linguistics}
}

@incollection{vaswani2017attention,
title = {Attention is All you Need},
author = {Vaswani, Ashish and Shazeer, Noam and Parmar, Niki and Uszkoreit, Jakob and Jones, Llion and Gomez, Aidan N and Kaiser, \L ukasz and Polosukhin, Illia},
booktitle = {Advances in Neural Information Processing Systems 30},
editor = {I. Guyon and U. V. Luxburg and S. Bengio and H. Wallach and R. Fergus and S. Vishwanathan and R. Garnett},
pages = {5998--6008},
year = {2017},
publisher = {Curran Associates, Inc.},
url = {http://papers.nips.cc/paper/7181-attention-is-all-you-need.pdf}
}

@article{ramirez2020anorexia,
  title={Enhanced Word Embeddings for Anorexia Nervosa Detection on Social Media},
  author={Ramirez-Cifuentes, Diana and Largeron, Christine and Tissier, Julien
    and Freire, Ana and Baeza-Yates, Ricardo},
  journal={Intelligent Data Analysis},
  year={2020},
  publisher={IOS Press}
}

@inproceedings{bosc2018auto,
  title={Auto-encoding dictionary definitions into consistent word embeddings},
  author={Bosc, Tom and Vincent, Pascal},
  booktitle={Proceedings of the 2018 Conference on Empirical Methods in Natural Language Processing},
  pages={1522--1532},
  year={2018}
}

@article{lan2019albert,
  title={Albert: A lite bert for self-supervised learning of language representations},
  author={Lan, Zhenzhong and Chen, Mingda and Goodman, Sebastian and Gimpel, Kevin and Sharma, Piyush and Soricut, Radu},
  journal={arXiv preprint arXiv:1909.11942},
  year={2019}
}

@article{le2019flaubert,
  title={FlauBERT: Unsupervised Language Model Pre-training for French},
  author={Le, Hang and Vial, Lo{\"\i}c and Frej, Jibril and Segonne, Vincent and Coavoux, Maximin and Lecouteux, Benjamin and Allauzen, Alexandre and Crabb{\'e}, Beno{\^\i}t and Besacier, Laurent and Schwab, Didier},
  journal={arXiv preprint arXiv:1912.05372},
  year={2019}
}

@article{martin2019camembert,
  title={CamemBERT: a Tasty French Language Model},
  author={Martin, Louis and Muller, Benjamin and Su{\'a}rez, Pedro Javier Ortiz and Dupont, Yoann and Romary, Laurent and de la Clergerie, {\'E}ric Villemonte and Seddah, Djam{\'e} and Sagot, Beno{\^\i}t},
  journal={arXiv preprint arXiv:1911.03894},
  year={2019}
}

@article{deerwester1990lsa,
  title={Indexing by latent semantic analysis},
  author={Deerwester, Scott and Dumais, Susan T. and Furnas, George W. and Landauer, Thomas K. and Harshman, Richard},
  journal={Journal of the American Society for Information Science},
  volume={41},
  year={1990}
}

@article{lund1996hal,
  title={Producing high-dimensional semantic spaces from lexical co-occurrence},
  author={Lund, Kevin and Burgess, Curt},
  journal={Behavior Research Methods, Instrumentation, and Computers},
  volume={28},
  pages={203--208},
  year={1996}
}

@inproceedings{levy2014factorization,
  title={Neural word embedding as implicit matrix factorization},
  author={Levy, Omer and Goldberg, Yoav},
  booktitle={In Advances in neural information processing systems},
  pages={2177--2185},
  year={2014}
}

@article{turney2012domain,
  title={Domain and function: A dual-space model of semantic relations and compositions},
  author={Turney, Peter D.},
  journal={Journal of Artificial Intelligence Research},
  volume={44},
  pages={533–-585},
  year={2012}
}

@inproceedings{levy2015improving,
  title={Improving distributional similarity with lessons learned from word
    embeddings},
  author={Levy, Omer and Goldberg, Yoav and Dagan, Ido},
  booktitle={Transactions of the Association for Computational Linguistics},
  volume={3},
  pages={211--225},
  year={2015}
}

@article{huang2015bidirectional,
  title={Bidirectional LSTM-CRF models for sequence tagging},
  author={Huang, Zhiheng and Xu, Wei and Yu, Kai},
  journal={arXiv preprint arXiv:1508.01991},
  year={2015}
}
